<?xml version="1.0" encoding="UTF-8"?><collection xmlns="http://www.loc.gov/MARC21/slim"><record><leader>00388nam--2200133-i-4500</leader><controlfield tag="001">000023363</controlfield><controlfield tag="002">20161230</controlfield><controlfield tag="005">20161230201035</controlfield><controlfield tag="008">060222s1000------------r-----000-0-eng-d</controlfield><datafield ind1=" " ind2=" " tag="080"><subfield code="a">621.375.826(043)</subfield></datafield><datafield ind1=" " ind2=" " tag="100"><subfield code="a">Grutter, Andreas Alfred</subfield></datafield><datafield ind1=" " ind2=" " tag="245"><subfield code="a">Erzeugung und eigenschaften von kurzen und ultra-kurzen lichtpulsen. these</subfield></datafield><datafield ind1=" " ind2=" " tag="260"><subfield code="a">Bern, Universitat Brn, 1970. /P.Dif.</subfield></datafield><datafield ind1=" " ind2=" " tag="852"><subfield code="a">40460</subfield></datafield></record></collection>